@article{ftn2008,
  title = {"INTERNATIONAL STANDARD {ISO/IEC 1539-1:2010 (E)} - 
    {D}raft (for {B}allot)", 
    {T}hird edition},
  author = {ISO},
  yaer = {2010},
  month = {June}
}

@article{Numrich:2005:CNF,
         author = {Numrich, Robert W. and Reid, John},
         title = {Co-arrays in the next Fortran Standard},
         journal = {SIGPLAN Fortran Forum},
         volume = {24},
         number = {2},
         month = {August},
         year = {2005},
         issn = {1061-7264},
         pages = {4--17},
         numpages = {14},
         url = {http://doi.acm.org/10.1145/1080399.1080400},
         doi = {10.1145/1080399.1080400},
         acmid = {1080400},
         publisher = {ACM},
         address = {New York, NY, USA}
}


